@techreport{itu372,
  title={372: Radio Noise http://www. itu. int/rec},
  author={ITU, Recommendation P},
  institution={R-REC-P. 372/en}
}
@misc{wikipedia_pulse,
  title = {{Pulse Wave}},
  note = {\url{https://en.wikipedia.org/wiki/Pulse_wave}}
}
@misc{wikipedia_phase,
  title = {{Phase Modulation}},
  note = {\url{https://en.wikipedia.org/wiki/Phase_modulation}}
}

@misc{wikiversity_rect,
  title = {{Discrete Time Rect Functions}},
  note = {\url{https://upload.wikimedia.org/wikiversity/en/0/0f/FPairs.4.B.DTRect.201304020.pdf}}
}
