@book{crilly2009communication,
  title={Communication Systems},
  author={Crilly, Paul B and Carlson, A Bruce},
  year={2009},
  publisher={McGraw-Hill Education}
}

