@article{ryan2004introduction,
  title={An introduction to LDPC codes},
  author={Ryan, William E and others},
  journal={CRC Handbook for Coding and Signal Processing for Recording Systems},
  volume={5},
  number={2},
  pages={1--23},
  year={2004},
  publisher={CRC Press Boca Raton, FL, USA}
}
@@article{gallager1963low,
  title={Low-density Parity-check},
  author={Gallager, Robert G},
  journal={Avaliable WWW: http://web. mit. edu/gallager/www/pages/ldpc. pdf},
  year={1963}
}
