
@article{freedv-020,
  title={{FreeDV-020 WP4000 Low SNR Mode}},
  author={Rowe, David},
}
