@article{chollet2018deep,
  title={Deep learning with Python. 2017},
  author={Chollet, Francois},
  journal={Shelter Island, NY: Manning},
  year={2018}
}
@misc{rowe2023_ratek_study,
  title = {{FreeDV-015 Codec 2 Rate K Resampler}},
  note = {\url{https://github.com/drowe67/misc/ratek_resampler/ratek_resampler.pdf}}
}
@article{makhoul1985vector,
  title={Vector quantization in speech coding},
  author={Makhoul, John and Roucos, Salim and Gish, Herbert},
  journal={Proceedings of the IEEE},
  volume={73},
  number={11},
  pages={1551--1588},
  year={1985},
  publisher={IEEE}
}
