@misc{rowe2023_manifold,
  title = {{Unwrapping Codec 2 Data Manifolds}},
  note = {\url{https://github.com/drowe67/misc/manifold/manifold.pdf}}
}
@article{mentzer2023finite,
  title={Finite Scalar Quantization: VQ-VAE Made Simple},
  author={Mentzer, Fabian and Minnen, David and Agustsson, Eirikur and Tschannen, Michael},
  journal={arXiv preprint arXiv:2309.15505},
  year={2023}
}
