@article{freedv_low,
  title = {{Low SNR FreeDV Modes}},
  note = {\url{https://github.com/drowe67/misc/blob/master/freedv_low/freedv_low.pdf}}
}
@article{FreeDV-032,
  title={{FreeDV-032 Radio Autoencoder Waveform Design (spreadsheet)}},
  author={Rowe, David},
}
@misc{valin2023lowbitrate,
      title={Low-Bitrate Redundancy Coding of Speech Using a Rate-Distortion-Optimized Variational Autoencoder}, 
      author={Jean-Marc Valin and Jan BÃ¼the and Ahmed Mustafa},
      year={2023},
      eprint={2212.04453},
      archivePrefix={arXiv},
      primaryClass={eess.AS}
}
