@misc{antenna_theory,
  title = {{Antenna Theory - Folded Balun}},
  note = {\url{https://www.antenna-theory.com/definitions/foldedbalun.php}}
}
@misc{stack_exchange,
  title = {{Amateur Radio Stack Exchange - How does a Folded Balun work}},
  note = {\url{https://ham.stackexchange.com/questions/3591/how-does-a-folded-balun-work}}
}
@misc{duffey,
  title = {{Pawsey Balun â€“ what is it good for?}},
  note = {\url{https://owenduffy.net/blog/?p=14882}}
}
