@misc{wikipedia_rect,
  title = {{Rectangular Function}},
  note = {\url{https://en.wikipedia.org/wiki/Rectangular_function}}
}
