@misc{flagg2006_det_gt,
  author = {{Richard Flagg, AH6NM}},
  title = {{Determination of G/T}},
  year = {2006}, 
  note = {\url{http://www.setileague.org/articles/g-t.htm}}
}
@article{kraus1988antennas,
  title={{Antennas}},
  author={Kraus, John D},
  journal={McGraw-Hill},
  year={1988}
}
@article{zavrel_antenna_physics,
  title={Antenna Physics: An Introduction},
  author={Zavrel, Robert J.},
  journal={ARRL},
  year={2016}
}
