@book{moore97,
  title        = {An Introduction to the Psychology of Hearing},
  edition      = {Fourth},
  author       = {Moore, Brian C.J.},
  year         = {1997},
  publisher    = {Academic Press Limited}
}
@inproceedings{pobloth1999phase,
  title={On phase perception in speech},
  author={Pobloth, Harald and Kleijn, W Bastiaan},
  booktitle={1999 IEEE International conference on acoustics, speech, and signal processing. Proceedings. ICASSP99 (cat. no. 99CH36258)},
  volume={1},
  pages={29--32},
  year={1999},
  organization={IEEE}
}
@inproceedings{mccree1992improving,
  title={Improving the performance of a mixed excitation LPC vocoder in acoustic noise},
  author={McCree, Alan V and Barnwell, TP},
  booktitle={[Proceedings] ICASSP-92: 1992 IEEE International Conference on Acoustics, Speech, and Signal Processing},
  volume={2},
  pages={137--140},
  year={1992},
  organization={IEEE}
}
@article{sambur1978reducing,
  title={On reducing the buzz in LPC synthesis},
  author={Sambur, MR and Rosenberg, AE and Rabiner, LR and McGonegal, CA},
  journal={The Journal of the Acoustical Society of America},
  volume={63},
  number={3},
  pages={918--924},
  year={1978},
  publisher={Acoustical Society of America}
}
@article{xu2017distorting,
  title={Distorting temporal fine structure by phase shifting and its effects on speech intelligibility and neural phase locking},
  author={Xu, Yingyue and Chen, Maxin and LaFaire, Petrina and Tan, Xiaodong and Richter, Claus-Peter},
  journal={Scientific reports},
  volume={7},
  number={1},
  pages={1--9},
  year={2017},
  publisher={Nature Publishing Group}
}
@article{kates2005principles,
  title={Principles of digital dynamic-range compression},
  author={Kates, James M},
  journal={Trends in amplification},
  volume={9},
  number={2},
  pages={45--76},
  year={2005},
  publisher={SAGE Publications Sage CA: Los Angeles, CA}
}
@book{o1997human,
  title={Speech Communication - Human and machine},
  author={Oâ€˜Shaughnessy, Douglas},
  publisher={Addison-Wesley Publishing Company},
  year={1997}
}

@article{davis1980comparison,
  title={Comparison of parametric representations for monosyllabic word recognition in continuously spoken sentences},
  author={Davis, Steven and Mermelstein, Paul},
  journal={IEEE transactions on acoustics, speech, and signal processing},
  volume={28},
  number={4},
  pages={357--366},
  year={1980},
  publisher={IEEE}
}

@book{kondoz1994digital,
  title={Digital speech: coding for low bit rate communication systems},
  author={Kondoz, Ahmet M},
  year={1994},
  publisher={John Wiley \& Sons}
}

@book{kleijn1995speech,
  title={Speech coding and synthesis},
  author={Kleijn, W Bastiaan and Paliwal, Kuldip K},
  year={1995},
  publisher={Elsevier Science Inc.}
}
@article{makhoul1985vector,
  title={Vector quantization in speech coding},
  author={Makhoul, John and Roucos, Salim and Gish, Herbert},
  journal={Proceedings of the IEEE},
  volume={73},
  number={11},
  pages={1551--1588},
  year={1985},
  publisher={IEEE}
}
